@article{DAVIDSON2000,
	title={Research suggests importance of haplotypes over {SNPs}},
	author={Davidson, S.},
	journal={Nature Biotechnology},
	volume={18},
	number={11},
	pages={1134--1135},
	year={2000}
}

@article{HOEHE2003,
	title={Human inter-individual {DNA} sequence variation in candidate genes, drug targets, the importance of haplotypes and pharmacogenomics},
	author={Hoehe, M. and Timmermann, B. and Lehrach, H.},
	journal={Current Pharmaceutical Biotechnology},
	volume={4},
	pages={351--378},
	year={2003}
}




@article{QUINLAN2008,
    author = {Quinlan, Aaron R. and Stewart, Donald A. and Stromberg, Michael P. and Marth, Gabor T.},
    journal = {Nature Methods},
    number = {2},
    pages = {179--181},
    title = {Pyrobayes: an improved base caller for {SNP} discovery in pyrosequences},
    volume = {5},
    year = {2008}
}


@article{ZAGONDI2010,
	author = {Zagordi, O. and K., Rolf and D\~{A}umer, M. and Beerenwinkel, N.},
    journal = {Nucleic Acids Research},
    number = {21},
    pages = {7400--7409},
    title = {{Error correction of next-generation sequencing data and reliable estimation of HIV quasispecies}},
    volume = {38},
    year = {2010}
}


@article{BARBAZUK2007,
	author = {Barbazuk, Brad W.  and Emrich, Scott J.  and Chen, Hsin D.  and Li, Li and Schnable, Patrick S. },
	journal = {The Plant Journal},
	month = {September},
	number = {5},
	pages = {910--918},
	title = {{SNP} discovery via 454 transcriptome sequencing},
	volume = {51},
	year = {2007}
}

@inproceedings{LANCIA2001,
 author = {Lancia, G. and Bafna, V. and Istrail, S. and Lippert, R. and Schwartz, R.},
 title = {{SNPs} Problems, Complexity, and Algorithms},
 booktitle = {ESA '01: Proceedings of the 9th Annual European Symposium on Algorithms},
 year = {2001},
 pages = {182--193},
 }

@inproceedings{ONEIL2011,
	title = {Robust haplotype reconstruction of eukaryotic read data with {H}apler},
	author = {O'Neil, S. T. and Emrich, S. J.},
	booktitle = {ICCABS '11: Proceedings of the IEEE 1st International Conference on Computational Advances in Bio and medical Sciences},
	year = {2011},
	pages = {141--146}	
}



@article{CLARK1990,
    author = {Clark, A. G.},
    journal = {Molecular Biology Evolution},
    number = {2},
    pages = {111--122},
    title = {Inference of haplotypes from {PCR}-amplified samples of diploid populations},
    volume = {7},
    year = {1990}
}

@article{XIE2010,
    author = {Xie, M. and Wang, J. and Chen, J. and Wu, J. and Liu, X.},
    journal = {Current Bioinformatics},
    number = {1},
    pages = {18--28},
    title = {Computational Models and Algorithms for the Single Individual Haplotyping Problem},
	 year = {2010},
    volume = {5}
}

@article{BONIZZONI2003,
 author = {Bonizzoni, P. and Vedova, G. D. and Dondi, R. and Li, J.},
 title = {The Haplotyping problem: an overview of computational models and solutions},
 journal = {Journal of Computer Science and Technology},
 volume = {18},
 number = {6},
 year = {2003},
 pages = {675--688},
 }

@article{BAFNA2005,
title = "Polynomial and {APX}-hard cases of the individual haplotyping problem",
journal = "Theoretical Computer Science",
volume = "335",
number = "1",
pages = "109--125",
year = "2005",
author = "Bafna, V. and Istrail, S. and Lancia, G. and Rizzi, R.",
}

@article{CILIBRASI2007,
 author = {Cilibrasi, R. and  Leo, V.I. and Kelk, S. and Tromp, J.},
 title = {The Complexity of the Single Individual {SNP} Haplotyping Problem},
 journal = {Algorithmica},
 volume = {49},
 number = {1},
 year = {2007},
 pages = {13--36},
 }

@ARTICLE{CHUDNOVSKY2006,
    author = {Chudnovsky, M. and Robertson, N. and Seymour, P. and Thomas, R.},
    title = {The strong perfect graph theorem},
    journal = {Annals of Mathematics},
    year = {2006},
    volume = {164},
    pages = {51--229}
}

@article{LONG2009,
    author = {Long, Q and MacArthur, D. and Ning, Z. and Chris, T.},
    journal = {Bioinformatics},
    month = {September},
    number = {18},
    pages = {2436--2437},
    title = {{HI}: haplotype improver using paired-end short reads},
    volume = {25},
    year = {2009}
}

@article{LONG2007,
	author = {Long, A.D. and Beldade, P. and Macdonald, S.J.},
	title = {Estimation of population heterozygosity and library construction-induced mutation rate from expressed sequence tag collections.},
	journal = {Genetics},
	volume = {176},
	number = {1},
	pages = {711--714},
	year = {2007}
}

@article{GROTSCHEL1984,
	author = {Gr\"{o}tschel, M. and Lov\'{a}sz, L. and Schrijver, J.},
	title = {Polynomial algorithms for perfect graphs},
	journal = {Annals of Discrete Mathematics},
	volume = {21},
	pages = {325--356},
	year = {1984}
}

@article{GOLUMBIC1977,
	author= {Golumbic, M.C.},
	title = {The complexity of comparability graph recognition and coloring},
	journal = {Computing},
	volume = {18},
	pages = {199--208},
	year = 1977}
}

@book{GOLUMBIC2004,
 author = {Golumbic, M.C.},
 title = {Algorithmic Graph Theory and Perfect Graphs (Annals of Discrete Mathematics, Vol 57)},
 year = {2004},
 isbn = {0444515305},
 publisher = {North-Holland Publishing Co.},
 address = {Amsterdam, The Netherlands, The Netherlands},
 }

@article{GEORGESCU2008,
 author = {Georgescu, O. and Ciurea, E.},
 title = {An algorithm for minimum flows},
 journal = {WSEAS Transactions on Computers},
 volume = {7},
 issue = {12},
 year = {2008},
 pages = {2042--2051},
}

@article{JAGADISH1990,
 author = {Jagadish, H. V.},
 title = {A compression technique to materialize transitive closure},
 journal = {ACM Transactions on Database Systems},
 volume = {15},
 number = {4},
 year = {1990},
 pages = {558--598},
 }

@article{MATSUZAKI2004,
    author = {Matsuzaki, H. and Dong, S. and Loi, H. and Di, X. and Liu, G. and Hubbell, E. and Law, J. and Berntsen, T. and Chadha, M. and Hui, H. and Yang, G. and Kennedy, G. C. and Webster, T. A. and Cawley, S. and Walsh, P. S. and Jones, K. W. and Fodor, S. P. and Mei, R.},
    journal = {Nature Methods},
    number = {2},
    pages = {109--111},
    title = {Genotyping over 100,000 {SNPs} on a pair of oligonucleotide arrays.},
    volume = {1},
    year = {2004}
}

@article{SALEM2005,
	author = {Salem, R.M. and Wessel, J. and Schork, N.J.},
	title = {A comprehensive literature review of haplotyping software and methods for use with unrelated individuals},
	journal = {Human Genomics},
	volume = {2},
	number = {1},
	pages = {39--66 },
	year = {2005}
}


@article{MEYER2007,
   author = {Meyer, M.   and Stenzel, U.   and Myles, S.   and Prufer, K.   and Hofreiter, M.  },
   journal = {Nuclic Acids Research},
   pages = {gkm566+},
   title = {Targeted high-throughput sequencing of tagged nucleic acid samples},
   year = {2007}
}

@article{VERA2008,
	author = {Vera, C.J.  and Wheat, C.W.  and Fescemyer, H.W.  and Frilander, M.J.  and Crawford, D.L.  and Hanski, I.   and Marden, J.H. },
	journal = {Molecular Ecology},
	month = {April},
	number = {7},
	pages = {1636--1647},
	title = {Rapid transcriptome characterization for a nonmodel organism using 454 pyrosequencing},
	volume = {17},
	year = {2008}
}


@article{ANDERSON2010,
    author = {Anderson, J. T. and Mitchell-Olds, T.},
    journal = {Functional Ecology},
    title = {{Ecological genetics and genomics of plant defences: evidence and approaches}},
    year = {2010}
}

@article{WHEAT2010,
    author = {Wheat, C.W.},
    journal = {Genetica},
    number = {4},
    pages = {433--451},
    title = {{Rapidly developing functional genomics in ecological model systems via 454 transcriptome sequencing.}},
    volume = {138},
    year = {2010}
}

@article{BARRIERE2009,
    author = {Barri\`{e}re, A. and Yang, S. and Pekarek, E. and Thomas, C.G. and Haag, E.S. and Ruvinsky, I.},
    journal = {Genome Research},
    number = {3},
    pages = {470--480},
    title = {Detecting heterozygosity in shotgun genome assemblies: Lessons from obligately outcrossing nematodes},
    volume = {19},
    year = {2009}
}

@article{AMBROSE1998,
	author = {Ambrose, S.H.},
	journal = {Journal of Human Evolution},
	number = {6},
	volume = {34},
	title = {Late Pleistocene human population bottlenecks, volcanic winter, and differentiation of modern humans},
	pages = {623--651},
	year = {1998}
}

@article{WILDING2009,
    author = {Wilding, C. and Weetman, D. and Steen, K. and Donnelly, M.},
    journal = {BMC Genomics},
    pages = {320+},
    title = {High, clustered, nucleotide diversity in the genome of \textit{{A}nopheles gambiae} revealed through pooled-template sequencing: implications for high-throughput genotyping protocols},
    volume = {10},
    year = {2009}
}

@article{XIE2007,
	author = {Xie, M. and Chen, J. and Wang, J.},
	journal = {Journal of Bioinformatics and Computational Biology},
	title = {Research on parameterized algorithms of the individual haplotyping problem},
	volume = {5},
	number = {3},
	pages = {795--816},
	year = {2007}
}

@article{FRAZER2007,
   author = {Frazer, K.A. and others}, 
    journal = {Nature},
    number = {7164},
    pages = {851--861},
    title = {A second generation human haplotype map of over 3.1 million {SNPs}},
    volume = {449},
    year = {2007}
}


@article{TURNER2007,
    author = {Turner, T.L. and Hahn, M.W.},
    journal = {Molecular Biology and Evolution},
    number = {9},
    pages = {2132--2138},
    title = {{Locus- and Population-Specific Selection and Differentiation between Incipient Species of Anopheles gambiae}},
    volume = {24},
    year = {2007}
}


@article{ONEIL2010,
	title={Population level transcriptome sequencing of nonmodel organisms \emph{Erynnis propertius} and \emph{Papilio zelicaon}},
	author={S. T. O'Neil and J. D. K. Dzurisin and R. Carmichael and N. F. Lobo and S. J. Emrich and J. J. Hellmann},
	journal={BMC Genomics},
	volume = {11},
	number = {1},
	pages = {310+},
	year={2010}
}

@article{MARTH1999,
    author = {Marth, G. T. and Korf, I. and Yandell, M. D. and Yeh, R. T. and Gu, Z. and Zakeri, H. and Stitziel, N. O. and Hillier, L. and Kwok, P. Y. and Gish, W. R.},
    journal = {Nature genetics},
    number = {4},
    pages = {452--456},
    title = {A general approach to single-nucleotide polymorphism discovery.},
    volume = {23},
    year = {1999}
}


@article{ERIKSSON2008,
    author = {Eriksson, N. and Pachter, L. and Mitsuya, Y. and Rhee, S. and Wang, C. and Gharizadeh, B. and Ronaghi, M. and Shafer, R.W. and Beerenwinkel, N.},
    journal = {PLoS Computational Biology},
    number = {5},
    pages = {e1000074+},
    title = {{Viral Population Estimation Using Pyrosequencing}},
    volume = {4},
    year = {2008}
}


@article{POP2008,
    author = {Pop, M. and Salzberg, S.L.},
    journal = {Trends in genetics : TIG},
    number = {3},
    pages = {142--149},
    title = {Bioinformatics challenges of new sequencing technology.},
    volume = {24},
    year = {2008}
}

@article{SCHWARTZ2010,
	author = {Schwartz, R.},
	journal = {Communications In Information and Systems},
	volume = {10},
	number = {1},
	pages = {23--38},
	title = {Theory and algorithms for the haplotype assembly problem.},
	year = {2010}
}

@article{LI2006,
	author = {Li, Z. and Wu, L. and Zhao, Y. and Zhang, X.},
	journal = {Acta Mathematicae Applicatae Sinica},
	volume = {22},
	number = {3},
	pages = {405--412},
	title = {A dynamic programming algorithm for the k-haplotyping problem.},
	year = {2006}
}

@book{CORMEN00,
	author = {Cormen, T.H.  and Leiserson, C.E.  and Rivest, R.L.  and Stein, C.},
	publisher = {{MIT} Press, McGraw-Hill Book Company},
	title = {Introduction to Algorithms, {\rm 2nd edition}},
	year = {2000}
}

@article{DILWORTH1950,
  title={{A decomposition theorem for partially ordered sets}},
  author={Dilworth, R.P.},
  journal={Annals of Mathematics},
  volume={51},
  number={1},
  pages={161--166},
  year={1950},
}


@article{FORD1956,
  title={{Maximal flow through a network}},
  author={Ford, L.R. and Fulkerson, D.R.},
  journal={Canadian Journal of Mathematics},
  volume={8},
  number={3},
  pages={399--404},
  year={1956}
}

@article{PANCONESI2004,
  title={{Fast hare: A fast heuristic for single individual SNP haplotype reconstruction}},
  author={Panconesi, A. and Sozio, M.},
  journal={Algorithms in Bioinformatics},
  pages={266--277},
  year={2004},
  publisher={Springer}
}

@article{HE2010,
  title={{Optimal algorithms for haplotype assembly from whole-genome sequence data}},
  author={He, D. and Choi, A. and Pipatsrisawat, K. and Darwiche, A. and Eskin, E.},
  journal={Bioinformatics},
  volume={26},
  number={12},
  pages={i183},
  year={2010},
}


@article{LI2009,
  title={{The sequence alignment/map format and SAMtools}},
  author={Li, H. and Handsaker, B. and Wysoker, A. and Fennell, T. and Ruan, J. and Homer, N. and Marth, G. and Abecasis, G. and Durbin, R.},
  journal={Bioinformatics},
  volume={25},
  number={16},
  pages={2078},
  year={2009},
}

@article{POP2004,
  title={{Using the TIGR assembler in shotgun sequencing projects}},
  author={Pop, M. and Kosack, D.},
  journal={METHODS IN MOLECULAR BIOLOGY-CLIFTON THEN TOTOWA-},
  volume={255},
  pages={279--294},
  year={2004},
}

@article{TANG2006,
  title={{QualitySNP: a pipeline for detecting single nucleotide polymorphisms and insertions/deletions in EST data from diploid and polyploid species}},
  author={Tang, J. and Vosman, B. and Voorrips, R.E. and Van Der Linden, C.G. and Leunissen, J.A.M.},
  journal={BMC Bioinformatics},
  volume={7},
  number={1},
  pages={438},
  year={2006},
}

@article{WALL2003,
  title={{Haplotype blocks and linkage disequilibrium in the human genome}},
  author={Wall, J.D. and Pritchard, J.K.},
  journal={Nature Reviews Genetics},
  volume={4},
  number={8},
  pages={587--597},
  year={2003},
}

@article{NEMHAUSER1974,
  title={{Set partitioning and chain decomposition}},
  author={Nemhauser, G.L. and Trotter Jr, L.E. and Nauss, R.M.},
  journal={Management Science},
  volume={20},
  number={11},
  pages={1413--1423},
  year={1974},
}

@article{KUHN1955,
  title={{The Hungarian method for the assignment problem}},
  author={Kuhn, H.W.},
  journal={Naval research logistics quarterly},
  volume={2},
  number={1-2},
  pages={83--97},
  year={1955},
}

@article{UNO1997,
  title={{Algorithms for enumerating all perfect, maximum and maximal matchings in bipartite graphs}},
  author={Uno, T.},
  journal={Algorithms and Computation},
  pages={92--101},
  year={1997},
}

@article{ZAKHAROV2009,
   title = {Introgression as a likely cause of mtDNA paraphyly in two allopatric skippers (Lepidoptera: Hesperiidae)},
   author = {Zakharov, E. V.  and Lobo, N. F.  and Nowak, C.  and Hellmann, J.J. },
   journal = {Heredity},
   volume = {102},
   pages ={590-599},
   year = {2009}
}


@article{RICE2000,
  title={{EMBOSS: the European molecular biology open software suite}},
  author={Rice, P. and Longden, I. and Bleasby, A. and others},
  journal={Trends in genetics},
  volume={16},
  number={6},
  pages={276--277},
  year={2000},
}
